@misc{githubrepo,
  author       = {damian6971},
  title        = {Programowanie Obiektowe - GitHub repository},
  howpublished = {\url{https://github.com/damian6971/Programowanie-Obiektowe}},
  year         = {2025},
  note         = {[dostęp: 15.06.2025]}
}

@misc{java,
  author       = {Oracle},
  title        = {The Java™ Platform Standard Edition 8 API Specification},
  howpublished = {\url{https://docs.oracle.com/javase/8/docs/api/}},
  year         = {2025},
  note         = {[dostęp: 15.06.2025]}
}

@misc{lgooddatepicker,
  author       = {LGoodDatePicker},
  title        = {Date Picker for Java Swing},
  howpublished = {\url{https://github.com/LGoodDatePicker/LGoodDatePicker}},
  year         = {2025},
  note         = {[dostęp: 15.06.2025]}
}

@misc{swing,
  author       = {Oracle},
  title        = {Creating a GUI With JFC/Swing},
  howpublished = {\url{https://docs.oracle.com/javase/tutorial/uiswing/}},
  year         = {2025},
  note         = {[dostęp: 15.06.2025]}
}

@misc{plantuml,
  author       = {PlantUML},
  title        = {Diagramy UML w prosty sposób},
  howpublished = {\url{https://plantuml.com/}},
  year         = {2025},
  note         = {[dostęp: 15.06.2025]}
}